@book{LinuxTextbook,
    author="Robert Love",
    title="Linux Kernel Development: A thorough guide to the design and implementation of the Linux kernel",
    year="2010",
    publisher="Pearson Education Inc",
    address="Crawfordsville, IN"
}

@book{WindowsText,
    author="Mark Russinovich and David A. Solomon and Alex Ionescu",
    title="Windows Internals: Part one",
    year="2012",
    publisher="Microsoft Press",
    address="Redmond, WA"
}

@book{Freebsdtext,
    author="Marshall Kirk McKusick and George V. Neville-Neil and Robert N. M. Watson",
    title="The Design and Implementation of the FreeBSD Operating System",
    year="2015",
    publisher="Pearson Education",
    address="Westford, MA"
}

@misc{freebsdArchitectureHandbook9, title={Chapter 9. Writing FreeBSD Device Drivers}, url={https://www.freebsd.org/doc/en_US.ISO8859-1/books/arch-handbook/index.html}, journal={FreeBSD Architecture Handbook}, publisher={The FreeBSD Documentation Project}, year={2013}}

@misc{gerend_poggemyer_2018, title={NTFS overview}, url={https://docs.microsoft.com/en-us/windows-server/storage/file-server/ntfs-overview}, journal={Microsoft}, publisher={Microsoft}, author={Gerend, Jason and Poggemyer, Liza}, year={2018}, month={May}}
